@electronic{askk,
  title         = "Giới thiệu về giao thức ánh sáng khả kiến",
  url           = "https://bkaii.com.vn/tin-tuc/225-gioi-thieu-ve-giao-thuc-anh-sang-kha-kien",
  tear       ="2016"
}


@mastersthesis{vlc,
  author        = "Đặng Khánh Toàn",
  title         = "Thiết kế bộ cân bằng cho hệ thống VLC sử dụng mạng nơ-ron tích chập",
  school        = "Đại học Bách Khoa TPHCM",
  type          = "Luận văn kĩ sư",
  address       = "Thành phố Hồ Chí Minh",
 month          =aug,
year              ="2020"
}


